
@misc{rossum_python_1991,
	title = {Python {Programming} {Language}},
	url = {http://python.org/},
	urldate = {2008-12-13},
	author = {Rossum, Guido van},
	year = {1991}
}

@misc{rossum_brief_2009,
	title = {A {Brief} {Timeline} of {Python}},
	url = {http://python-history.blogspot.com/2009/01/brief-timeline-of-python.html},
	abstract = {The development of Python occurred at a time when many other dynamic (and open-source) programming languages such as Tcl, Perl, and (much la...},
	urldate = {2016-12-08},
	author = {Rossum, Guido van},
	year = {2009}
}

@misc{cass_interactive:_2016,
	title = {Interactive: {The} {Top} {Programming} {Languages} 2016},
	shorttitle = {Interactive},
	url = {http://spectrum.ieee.org/static/interactive-the-top-programming-languages-2016},
	abstract = {Find the programming languages that are most important to you},
	urldate = {2016-12-08},
	journal = {IEEE Spectrum: Technology, Engineering, and Science News},
	author = {Cass, Nick Diakopoulos {and} Stephen},
	month = jul,
	year = {2016}
}